@Article{hybrid_simd_type_legalize,
  author = {Asher, Yosi Ben and Rotem, Nadav},
  title = {Hybrid Type Legalization for a Sparse {SIMD} Instruction Set},
  journal = {ACM Trans. Archit. Code Optim.},
  issue_date = {September 2013},
  volume = {10},
  number = {3},
  month = sep,
  year = {2008},
  issn = {1544-3566},
  pages = {11:1--11:14},
  articleno = {11},
  numpages = {14},
  url = {http://doi.acm.org/10.1145/2509420.2509422},
  doi = {10.1145/2509420.2509422},
  acmid = {2509422},
  publisher = {ACM},
  address = {New York, NY, USA},
  keywords = {Compiler, SIMD, vector},
}

@Article{inductive_doubling_principle,
  author = {Cameron, Robert D. and Lin, Dan},
  title = {{Architectural Support for SWAR Text Processing with Parallel Bit Streams: The Inductive Doubling Principle}},
  journal = {SIGPLAN Not.},
  issue_date = {March 2009},
  volume = {44},
  number = {3},
  month = mar,
  year = {2009},
  issn = {0362-1340},
  pages = {337--348},
  numpages = {12},
  url = {http://doi.acm.org/10.1145/1508284.1508283},
  doi = {10.1145/1508284.1508283},
  acmid = {1508283},
  publisher = {ACM},
  address = {New York, NY, USA},
  keywords = {inductive doubling, parallel bit streams, swar},
}

@Article{rob_regex,
  author = {Robert D. Cameron, Thomas C. Shermer, Arrvindh Shriraman, Kenneth S. Herdy, Dan Lin, Benjamin R. Hull, Meng Lin},
  title = {Bitwise Data Parallelism in Regular Expression Matching}
  year = {2014},
  publisher = {ACM},
  url = {http://dx.doi.org/10.1145/2628071.2628079},
  address = {Edmonton, AB, Canada},
  keywords = {regular expression matching; parallel bit streams},
}

@Mastersthesis{hua_idisa,
  author = {Huang, Hua},
  title = {{IDISA+: A portable model for high performance SIMD programming}},
  school = {Simon Fraser University},
  year = {2011},
  month = dec,
}

@MastersThesis{chris_msthesis,
    author  = {Chris Lattner},
    title   = "{LLVM: An Infrastructure for Multi-Stage Optimization}",
    school  = "{Computer Science Dept., University of Illinois at Urbana-Champaign}",
    year    = {2002},
    address = {Urbana, IL},
    month   = {Dec},
    note    = {{\em See {\tt http://llvm.cs.uiuc.edu}.}}
}

@InProceedings{llvm_cgo04,
    author    = {Chris Lattner and Vikram Adve},
    title     = "{LLVM: A Compilation Framework for Lifelong Program Analysis \& Transformation}",
    booktitle = "{Proceedings of the 2004 International Symposium on Code Generation and Optimization (CGO'04)}",
    address   = {Palo Alto, California},
    month     = {Mar},
    year      = {2004}
}

@inproceedings{llvm_ghc,
  title={An LLVM backend for GHC},
  author={Terei, David A and Chakravarty, Manuel MT},
  booktitle={ACM Sigplan Notices},
  volume={45},
  number={11},
  pages={109--120},
  year={2010},
  organization={ACM}
}

@inproceedings{rob_xml,
  title={High performance XML parsing using parallel bit stream technology},
  author={Cameron, Robert D and Herdy, Kenneth S and Lin, Dan},
  booktitle={Proceedings of the 2008 conference of the center for advanced studies on collaborative research: meeting of minds},
  pages={17},
  year={2008},
  organization={ACM}
}

@incollection{rob_xml_2011,
  title={Parallel scanning with bitstream addition: An xml case study},
  author={Cameron, Robert D and Amiri, Ehsan and Herdy, Kenneth S and Lin, Dan and Shermer, Thomas C and Popowich, Fred P},
  booktitle={Euro-Par 2011 Parallel Processing},
  pages={2--13},
  year={2011},
  publisher={Springer}
}

@MastersThesis{medforth_icxml,
  title={icXML: Accelerating Xerces-C 3.1. 1 using the Parabix Framework},
  author={Medforth, Nigel Woodland},
  year={2013},
  school= {Simon Fraser University}
}

@techreport{rob_u8u16_techreport,
  title={u8u16--a high-speed UTF-8 to UTF-16 transcoder using parallel bit streams},
  author={Cameron, Robert D},
  year={2007},
  institution={Technical Report TR 2007-18, Simon Fraser University, Burnaby, BC, Canada}
}

@inproceedings{rob_u8u16,
  title={A case study in SIMD text processing with parallel bit streams: UTF-8 to UTF-16 transcoding},
  author={Cameron, Robert D},
  booktitle={Proceedings of the 13th ACM SIGPLAN Symposium on Principles and practice of parallel programming},
  pages={91--98},
  year={2008},
  organization={ACM}
}

@book{johnson1981quine,
  title={Quine-McCluskey: A Computerized Approach to Boolean Algebraic Optimization},
  author={Johnson, E.D.},
  url={http://books.google.ca/books?id=mbEoOAAACAAJ},
  year={1981},
  publisher={Massachusetts Institute of Technology, Department of Electrical Engineering and Computer Science}
}

@inproceedings{kabanets2000circuit,
  title={Circuit minimization problem},
  author={Kabanets, Valentine and Cai, Jin-Yi},
  booktitle={Proceedings of the thirty-second annual ACM symposium on Theory of computing},
  pages={73--79},
  year={2000},
  organization={ACM}
}

@article{quine1952problem,
  title={The problem of simplifying truth functions},
  author={Quine, Willard V},
  journal={American mathematical monthly},
  pages={521--531},
  year={1952},
  publisher={JSTOR}
}

@Misc{agner_testp,
      title = { Test programs for measuring clock cycles and performance monitoring },
      howpublished = {\url{ http://www.agner.org/optimize/}}
}

@Misc{llvm_lang_ref,
      title = {{ LLVM Language Reference Manual }},
      howpublished = {\url{ http://llvm.org/docs/LangRef.html }}
}

@Misc{idisa_webpage,
      title = { {IDISA} Toolkit Project },
      howpublished = {\url{{ http://parabix.costar.sfu.ca/wiki/IDISAproject }}}
}

@Misc{llvm_code_gen,
      title = { The {LLVM} Target-Independent Code Generator },
      howpublished = {\url{ http://llvm.org/docs/CodeGenerator.html }}
}

@Misc{transposition,
      title = { The Parabix Transposition },
      howpublished = {\url{ http://parabix.costar.sfu.ca/wiki/ParabixTransform }}
}

@Misc{jinja_engine,
      title = { Jinja Documentation},
      howpublished = {\url{ http://jinja.pocoo.org/ }}
}

@Misc{python_templating,
      title = { Python Templating },
      howpublished = {\url{https://wiki.python.org/moin/Templating }}
}

@Misc{llvm_pass,
      title = {{LLVM's Analysis and Transform Passes}},
      howpublished = {\url{http://llvm.org/docs/Passes.html}}
}


@article{cytron1991efficiently,
  title={Efficiently computing static single assignment form and the control dependence graph},
  author={Cytron, Ron and Ferrante, Jeanne and Rosen, Barry K and Wegman, Mark N and Zadeck, F Kenneth},
  journal={ACM Transactions on Programming Languages and Systems (TOPLAS)},
  volume={13},
  number={4},
  pages={451--490},
  year={1991},
  publisher={ACM}
}

@article{multimedia_simd,
author = {Ruby B. Lee},
title = {Accelerating Multimedia with Enhanced Microprocessors},
journal ={IEEE Micro},
volume = {15},
number = {2},
issn = {0272-1732},
year = {1995},
pages = {22-32},
doi = {http://doi.ieeecomputersociety.org/10.1109/40.372347},
publisher = {IEEE Computer Society},
address = {Los Alamitos, CA, USA},
}

@phdthesis{Fisher_phd,
 author = {Fisher, Randall James},
 title = {General-purpose Simd Within a Register: Parallel Processing on Consumer Microprocessors},
 year = {2003},
 note = {AAI3108343},
 publisher = {Purdue University},
 address = {West Lafayette, IN, USA},
}

@inproceedings{dsp_simd,
 author = {Nguyen, Huy and John, Lizy Kurian},
 title = {Exploiting SIMD Parallelism in DSP and Multimedia Algorithms Using the AltiVec Technology},
 booktitle = {Proceedings of the 13th International Conference on Supercomputing},
 series = {ICS '99},
 year = {1999},
 isbn = {1-58113-164-X},
 location = {Rhodes, Greece},
 pages = {11--20},
 numpages = {10},
 url = {http://doi.acm.org/10.1145/305138.305150},
 doi = {10.1145/305138.305150},
 acmid = {305150},
 publisher = {ACM},
 address = {New York, NY, USA},
}

@article{lee2001efficient,
  title={Efficient permutation instructions for fast software cryptography},
  author={Lee, Ruby B and Shi, Zhijie and Yang, Xiao},
  journal={Micro, IEEE},
  volume={21},
  number={6},
  pages={56--69},
  year={2001},
  publisher={IEEE}
}
